@online{graph,
  author = {Wikipedia},
  title = {Graph (abstract data type) - Wikipedia},
  organization = {Wikipedia},
  url = {https://en.wikipedia.org/wiki/Graph_(abstract_data_type)}
}

@online{dijkstra,
  author = {Wikipedia},
  title = {Dijkstra's algorithm - Wikipedia},
  organization = {Wikipedia},
  url = {https://en.wikipedia.org/wiki/Dijkstra's_algorithm}
}

@online{yt,
  author = {Mike Pound},
  title = {Maze Solving - Computerphile},
  organization = {YouTube},
  year = 2017,
  month = feb,
  day = 24,
  url = {https://www.youtube.com/watch?v=rop0W4QDOUI}
}

@online{ytgh,
  author = {mikepound},
  title = {mikepound/mazesolving: A variety of algorithms to solve mazes from an input image },
  organization = {GitHub},
  url = {https://github.com/mikepound/mazesolving/}
}

@online{ndarray,
  author = {Numpy},
  title = {numpy.ndarray --- NumPy v1.18 Manual},
  organization = {NumPy},
  url = {https://numpy.org/doc/stable/reference/generated/numpy.ndarray.html}
}

@online{argmax,
  author = {Numpy},
  title = {numpy.argmax --- NumPy v1.18 Manual},
  organization = {NumPy},
  url = {https://numpy.org/doc/stable/reference/generated/numpy.argmax.html}
}

@online{heapq,
  author = {Python Docs},
  title = {heapq --- Heapq queue algorithm --- Python 3.8.2 documentation},
  organization = {Python},
  url = {https://docs.python.org/3/library/heapq.html}
}

@online{so:hqsort,
  author = {Fanchen Bao},
  title = {python - heapq with custom compare predicate - Stack Overflow},
  organization = {Stack Overflow},
  url = {https://stackoverflow.com/a/59956131}
}
